<record><leader>00000cas a2200000 a 4500</leader><controlfield tag="001">17157840</controlfield><controlfield tag="008">871201c19479999waudn ne      0    0eng d</controlfield><datafield ind1=" " ind2=" " tag="010"><subfield code="a">sn 87093158 </subfield></datafield><datafield ind1=" " ind2=" " tag="040"><subfield code="a">SLZ</subfield><subfield code="b">eng</subfield><subfield code="c">SLZ</subfield><subfield code="d">OCL</subfield><subfield code="d">OCLCQ</subfield><subfield code="d">OCLCF</subfield><subfield code="d">OCLCO</subfield></datafield><datafield ind1="1" ind2=" " tag="029"><subfield code="a">AU@</subfield><subfield code="b">000025840470</subfield></datafield><datafield ind1=" " ind2=" " tag="042"><subfield code="a">msc</subfield></datafield><datafield ind1=" " ind2=" " tag="043"><subfield code="a">n-us-wa</subfield></datafield><datafield ind1=" " ind2="4" tag="050"><subfield code="a">AN2.P3</subfield><subfield code="b">T7</subfield></datafield><datafield ind1="0" ind2=" " tag="130"><subfield code="a">Tri-city herald (Pasco, Wash.)</subfield></datafield><datafield ind1="1" ind2="0" tag="245"><subfield code="a">Tri-city herald.</subfield></datafield><datafield ind1=" " ind2=" " tag="260"><subfield code="a">Pasco, Wash. :</subfield><subfield code="b">Scott Pub. Co.</subfield></datafield><datafield ind1=" " ind2=" " tag="300"><subfield code="a">v.</subfield></datafield><datafield ind1=" " ind2=" " tag="310"><subfield code="a">Daily (except Saturday)</subfield></datafield><datafield ind1="0" ind2=" " tag="362"><subfield code="a">Nov. 13, 1947-</subfield></datafield><datafield ind1=" " ind2="0" tag="651"><subfield code="a">Pasco (Wash.)</subfield><subfield code="v">Newspapers.</subfield></datafield><datafield ind1=" " ind2="0" tag="651"><subfield code="a">Richland (Wash.)</subfield><subfield code="v">Newspapers.</subfield></datafield><datafield ind1=" " ind2="0" tag="651"><subfield code="a">Kennewick (Wash.)</subfield><subfield code="v">Newspapers.</subfield></datafield><datafield ind1=" " ind2="7" tag="655"><subfield code="a">Newspapers.</subfield><subfield code="2">fast</subfield><subfield code="0">(OCoLC)fst01423814</subfield></datafield><datafield ind1=" " ind2="7" tag="651"><subfield code="a">Washington (State)</subfield><subfield code="z">Kennewick.</subfield><subfield code="2">fast</subfield><subfield code="0">(OCoLC)fst01222642</subfield></datafield><datafield ind1=" " ind2="7" tag="651"><subfield code="a">Washington (State)</subfield><subfield code="z">Pasco.</subfield><subfield code="2">fast</subfield><subfield code="0">(OCoLC)fst01222760</subfield></datafield><datafield ind1=" " ind2="7" tag="651"><subfield code="a">Washington (State)</subfield><subfield code="z">Richland.</subfield><subfield code="2">fast</subfield><subfield code="0">(OCoLC)fst01206447</subfield></datafield><datafield ind1=" " ind2=" " tag="752"><subfield code="a">United States</subfield><subfield code="b">Washington</subfield><subfield code="c">Franklin</subfield><subfield code="d">Pasco.</subfield></datafield><datafield ind1=" " ind2=" " tag="752"><subfield code="a">United States</subfield><subfield code="b">Washington</subfield><subfield code="c">Benton</subfield><subfield code="d">Richland.</subfield></datafield><datafield ind1=" " ind2=" " tag="752"><subfield code="a">United States</subfield><subfield code="b">Washington</subfield><subfield code="c">Benton</subfield><subfield code="d">Kennewick.</subfield></datafield><datafield ind1="0" ind2="0" tag="780"><subfield code="t">Pasco herald</subfield><subfield code="w">(DLC)sn 86071980</subfield></datafield></record>